<record><leader>00000cas a2200000 a 4500</leader><controlfield tag="001">10435259</controlfield><controlfield tag="008">840220d18861888ksuwr ne      0   a0eng d</controlfield><datafield ind1=" " ind2=" " tag="010"><subfield code="a">sn 83041192 </subfield></datafield><datafield ind1=" " ind2=" " tag="040"><subfield code="a">KSH</subfield><subfield code="b">eng</subfield><subfield code="c">KSH</subfield><subfield code="d">NPT</subfield><subfield code="d">OCL</subfield><subfield code="d">OCLCQ</subfield></datafield><datafield ind1=" " ind2=" " tag="042"><subfield code="a">msc</subfield></datafield><datafield ind1=" " ind2=" " tag="043"><subfield code="a">n-us-ks</subfield></datafield><datafield ind1="0" ind2="0" tag="245"><subfield code="a">Nescutunga enterprise.</subfield></datafield><datafield ind1=" " ind2=" " tag="260"><subfield code="a">Nescutunga, Kan. :</subfield><subfield code="b">T.E. Beck,</subfield><subfield code="c">1886-1888.</subfield></datafield><datafield ind1=" " ind2=" " tag="300"><subfield code="a">2 v.</subfield></datafield><datafield ind1=" " ind2=" " tag="310"><subfield code="a">Weekly</subfield></datafield><datafield ind1="0" ind2=" " tag="362"><subfield code="a">Vol. 1, no. 1 (Mar. 20, 1886)-v. 3, no. 18 (July 14, 1888).</subfield></datafield><datafield ind1=" " ind2=" " tag="500"><subfield code="a">Publishers: Mounts &amp; Brewer, Mar. 19-July 18, 1887; Geo. W. Neuman, July 25, 1887-July 14, 1888.</subfield></datafield><datafield ind1=" " ind2=" " tag="500"><subfield code="a">"Republican."</subfield></datafield><datafield ind1=" " ind2=" " tag="530"><subfield code="a">Available on microfilm from Micro Photo.</subfield></datafield><datafield ind1=" " ind2=" " tag="752"><subfield code="a">United States</subfield><subfield code="b">Kansas</subfield><subfield code="c">Comanche</subfield><subfield code="d">Nescutunga.</subfield></datafield><datafield ind1="0" ind2="0" tag="785"><subfield code="t">Coldwater enterprise</subfield><subfield code="w">(DLC)sn 83041199</subfield></datafield></record>